<record><leader>00000cas a2200000 a 4500</leader><controlfield tag="001">2269661</controlfield><controlfield tag="008">760620d19381940dcumr ne      0    0eng  </controlfield><datafield ind1=" " ind2=" " tag="010"><subfield code="a">sn 85055049 </subfield><subfield code="z">   47040416 </subfield></datafield><datafield ind1=" " ind2=" " tag="040"><subfield code="a">DLC</subfield><subfield code="b">eng</subfield><subfield code="c">PIT</subfield><subfield code="d">NPH</subfield><subfield code="d">DLC</subfield><subfield code="d">PIT</subfield><subfield code="d">DLC</subfield><subfield code="d">OCL</subfield><subfield code="d">OCLCQ</subfield><subfield code="d">OCLCF</subfield><subfield code="d">OCLCO</subfield></datafield><datafield ind1="1" ind2=" " tag="029"><subfield code="a">AU@</subfield><subfield code="b">000020235587</subfield></datafield><datafield ind1=" " ind2=" " tag="042"><subfield code="a">msc</subfield></datafield><datafield ind1=" " ind2=" " tag="043"><subfield code="a">n-us---</subfield></datafield><datafield ind1="0" ind2="0" tag="050"><subfield code="a">HD4802</subfield><subfield code="b">.W6</subfield></datafield><datafield ind1="0" ind2="4" tag="082"><subfield code="a">331</subfield></datafield><datafield ind1="0" ind2=" " tag="130"><subfield code="a">Work (Washington, D.C.)</subfield></datafield><datafield ind1="1" ind2="0" tag="245"><subfield code="a">Work.</subfield></datafield><datafield ind1=" " ind2=" " tag="250"><subfield code="a">National ed.</subfield></datafield><datafield ind1=" " ind2=" " tag="260"><subfield code="a">Washington, D.C. :</subfield><subfield code="b">Workers Alliance of America,</subfield><subfield code="c">1938-1940.</subfield></datafield><datafield ind1=" " ind2=" " tag="300"><subfield code="a">3 v.</subfield></datafield><datafield ind1=" " ind2=" " tag="310"><subfield code="a">Monthly,</subfield><subfield code="b">Oct. 1940-Nov. 1940</subfield></datafield><datafield ind1=" " ind2=" " tag="321"><subfield code="a">Biweekly,</subfield><subfield code="b">Mar. 19, 1938-Aug. 29, 1940</subfield></datafield><datafield ind1="0" ind2=" " tag="362"><subfield code="a">Vol. 1, no. 1 (Apr. 9, 1938)-v. 3, no. 13 (Nov. 1940).</subfield></datafield><datafield ind1=" " ind2=" " tag="500"><subfield code="a">Previously classed as a periodical in LC.</subfield><subfield code="5">DLC</subfield></datafield><datafield ind1=" " ind2=" " tag="515"><subfield code="a">Preceded by preliminary issue also called Vol. 1, no. 1 (Mar. 19, 1938).</subfield></datafield><datafield ind1=" " ind2=" " tag="515"><subfield code="a">Vol. 3, no. 1 misnumbered v. 2, no. 27.</subfield></datafield><datafield ind1=" " ind2=" " tag="515"><subfield code="a">Issues for June 18, 1938 called New York edition.</subfield></datafield><datafield ind1=" " ind2=" " tag="550"><subfield code="a">"Official organ of the Workers Alliance of America"--Publisher's box.</subfield></datafield><datafield ind1=" " ind2="0" tag="651"><subfield code="a">Washington (D.C.)</subfield><subfield code="v">Newspapers.</subfield></datafield><datafield ind1=" " ind2="7" tag="655"><subfield code="a">Newspapers.</subfield><subfield code="2">fast</subfield><subfield code="0">(OCoLC)fst01423814</subfield></datafield><datafield ind1=" " ind2="7" tag="651"><subfield code="a">Washington (D.C.)</subfield><subfield code="2">fast</subfield><subfield code="0">(OCoLC)fst01204505</subfield></datafield><datafield ind1="2" ind2=" " tag="710"><subfield code="a">Workers Alliance of America.</subfield></datafield><datafield ind1=" " ind2=" " tag="752"><subfield code="a">United States</subfield><subfield code="b">District of Columbia</subfield><subfield code="d">Washington.</subfield></datafield></record>